% see A2.2
% see B6.4b

@software{Buhler_ipa-template_2022,
  author = {Bühler, Robin},
  license = {AGPL-3.0},
  month = {2},
  title = {{ipa-template}},
  url = {https://github.com/ictorg/ipa-template},
  version = {1.0.0},
  year = {2022}
}

@software{Buhler_ipa-timetable_2022,
  author = {Bühler, Robin},
  license = {AGPL-3.0},
  month = {2},
  title = {{ipa-timetable}},
  url = {https://docs.google.com/spreadsheets/d/1kZ3AUNItc1EV2Pz2bjDTaP_TFSRrj1S5dGMjM3ucCRw},
  version = {1.0.0},
  year = {2022}
}

@misc{move_hidden_files-ask_ubuntu,
  author = {Gilles Quenot},
  url={https://askubuntu.com/a/259386},
  title = {How can I get mv (or the * wildcard) to move hidden files?},
  year = {2013}
}